@book{adams1995hitchhiker,
  title={The Hitchhiker's Guide to the Galaxy},
  author={Adams, D.},
  isbn={9781417642595},
  url={http://books.google.com/books?id=W-xMPgAACAAJ},
  year={1995},
  publisher={San Val}
}

@misc{daveyteam30,
  title={Induction Motor Analysisâ€”International TEAM Workshop Problem 30},
  year={19995}, 
howpublished="\url{http://www.compumag.org/jsite/images/stories/TEAM/problem30a.pdf}",
  author={Davey, KR}
}


@article{biro1999edge,
  title={Edge element formulations of eddy current problems},
  author={B{\'\i}r{\'o}, Oszk{\'a}r},
  journal={Computer methods in applied mechanics and engineering},
  volume={169},
  number={3-4},
  pages={391--405},
  year={1999},
  publisher={Elsevier}
}

@book{balanis2012advanced,
  title={Advanced engineering electromagnetics},
  author={Balanis, Constantine A},
  year={2012},
  publisher={John Wiley \& Sons}
}

@article{albanese1997finite,
  title={Finite element methods for the solution of 3D eddy current problems},
  author={Albanese, R and Rubinacci, G},
  journal={Advances in Imaging and Electron Physics},
  volume={102},
  pages={1--86},
  year={1997},
  publisher={Elsevier}
}

@phdthesis{Arkkio1987,
title={{Analysis of induction motors based on the numerical solution of the magnetic field and circuit equations}},
author={Arkkio, Antero},
year={1987},
language={English},
pages={97},
publisher={Helsinki University of Technology},
school={Helsinki University of Technology},
type={Doctoral thesis},
keywords={induction motors, finite element analysis},
isbn={951-22-6076-X},
series={Acta polytechnica Scandinavica. El, Electrical engineering series; 59},
issn={0001-6845},
url={}
} 

@inproceedings{reichert1976calculation,
  title={The calculation of forces and torques within numerical magnetic field calculation methods},
  author={Reichert, K and Freundl, H and Vogt, W},
  booktitle={Proc. Compumag},
  volume={76},
  pages={64--74},
  year={1976}
}

@ARTICLE{voltage2001,
  author={Yamaguchi, T. and Kawase, Y. and Yoshida, M. and Saito, Y. and Ohdachi, Y.},
  journal={IEEE Transactions on Magnetics}, 
  title={3-D finite element analysis of a linear induction motor}, 
  year={2001},
  volume={37},
  number={5},
  pages={3668-3671},
  doi={10.1109/20.952686}}


@article{interlinkage2020,
author = {Tokuda, Masamitsu and Sakai, Yoshimasa and Yarita, Junki and Nishikata, Atsuhiro},
title = {Finite element analysis method for electromagnetic induction to telecommunication line by MAGLEV train},
journal = {Electronics and Communications in Japan},
volume = {103},
number = {5-6},
pages = {11-21},
keywords = {COMSOL multiphysics, electromagnetic induction, faraday's law of electromagnetic induction, MAGLEV train, superconducting coil, telecommunication line},
doi = {10.1002/ecj.12234},
year = {2020}
}

